<marc:collection xmlns:marc="http://www.loc.gov/MARC21/slim" xmlns:xsi="http://www.w3.org/2001/XMLSchema-instance" xsi:schemaLocation="http://www.loc.gov/MARC21/slim http://www.loc.gov/standards/marcxml/schema/MARC21slim.xsd">
    <marc:record type="Bibliographic">
        <marc:leader>01645cem a2200337 a 4500</marc:leader>
        <marc:controlfield tag="001">7017980</marc:controlfield>
        <marc:controlfield tag="005">20120402075940.0</marc:controlfield>
        <marc:controlfield tag="007">aj canzn</marc:controlfield>
        <marc:controlfield tag="008">120320s1895    fr bg     a     0   fre d</marc:controlfield>
        <marc:datafield tag="040" ind1=" " ind2=" ">
            <marc:subfield code="a">NjP</marc:subfield>
            <marc:subfield code="c">NjP</marc:subfield>
        </marc:datafield>
        <marc:datafield tag="034" ind1="1" ind2=" ">
            <marc:subfield code="a">a</marc:subfield>
            <marc:subfield code="b">750000</marc:subfield>
        </marc:datafield>
        <marc:datafield tag="043" ind1=" " ind2=" ">
            <marc:subfield code="a">a-ir---</marc:subfield>
        </marc:datafield>
        <marc:datafield tag="100" ind1="1" ind2=" ">
            <marc:subfield code="a">Morgan, J. de</marc:subfield>
            <marc:subfield code="q">(Jacques),</marc:subfield>
            <marc:subfield code="d">1857-1924.</marc:subfield>
        </marc:datafield>
        <marc:datafield tag="245" ind1="1" ind2="0">
            <marc:subfield code="a">Carte de l'Élam :</marc:subfield>
            <marc:subfield code="b">Kourdistân (pars), Louristân, Khouzistân ou Arabistân, ʻIrak-ʻArabi (pars), ʻIrân (pars)</marc:subfield>
            <marc:subfield code="h">[map].</marc:subfield>
        </marc:datafield>
        <marc:datafield tag="255" ind1=" " ind2=" ">
            <marc:subfield code="a">Scale 1: 750,000.</marc:subfield>
        </marc:datafield>
        <marc:datafield tag="260" ind1=" " ind2=" ">
            <marc:subfield code="a">[Paris] :</marc:subfield>
            <marc:subfield code="b">E. Leroux, éditeur,</marc:subfield>
            <marc:subfield code="c">[1895]</marc:subfield>
            <marc:subfield code="e">([Paris] :</marc:subfield>
            <marc:subfield code="f">Imp. Erhard)</marc:subfield>
        </marc:datafield>
        <marc:datafield tag="300" ind1=" " ind2=" ">
            <marc:subfield code="a">1 map :</marc:subfield>
            <marc:subfield code="b">col., dissected in 6 pieces, mounted on cloth ;</marc:subfield>
            <marc:subfield code="c">78 x 54 cm.</marc:subfield>
        </marc:datafield>
        <marc:datafield tag="500" ind1=" " ind2=" ">
            <marc:subfield code="a">Relief shown by shading and spot heights.</marc:subfield>
        </marc:datafield>
        <marc:datafield tag="500" ind1=" " ind2=" ">
            <marc:subfield code="a">"Nota. La Mesopotamie et les environs immédiats de Dizfoul et de Chouchter sont extraits de la carte de la Turquie d'Asie par H. Kiepert 1883. l'ensemble de la Carte à été rélevé sur le terrain par l'Auteur du 16 Decembre 1890 au 9 Septembre 1891. J. de Morgan."</marc:subfield>
        </marc:datafield>
        <marc:datafield tag="500" ind1=" " ind2=" ">
            <marc:subfield code="a">From: Mission scientifique en Perse / par J. de Morgan. Paris : E. Leroux, 1894-1905.</marc:subfield>
        </marc:datafield>
        <marc:datafield tag="651" ind1=" " ind2="0">
            <marc:subfield code="a">Īlām (Iran)</marc:subfield>
            <marc:subfield code="v">Maps.</marc:subfield>
        </marc:datafield>
        <marc:datafield tag="651" ind1=" " ind2="0">
            <marc:subfield code="a">Kurdistān (Iran : Province)</marc:subfield>
            <marc:subfield code="v">Maps.</marc:subfield>
        </marc:datafield>
        <marc:datafield tag="655" ind1=" " ind2="7">
            <marc:subfield code="a">Maps</marc:subfield>
            <marc:subfield code="z">Iran</marc:subfield>
            <marc:subfield code="z">Īlām</marc:subfield>
            <marc:subfield code="y">1895.</marc:subfield>
            <marc:subfield code="2">aat</marc:subfield>
        </marc:datafield>
        <marc:datafield tag="655" ind1=" " ind2="7">
            <marc:subfield code="a">Maps</marc:subfield>
            <marc:subfield code="z">Iran</marc:subfield>
            <marc:subfield code="z">Kurdistān</marc:subfield>
            <marc:subfield code="y">1895.</marc:subfield>
            <marc:subfield code="2">aat</marc:subfield>
        </marc:datafield>
        <marc:datafield tag="700" ind1="1" ind2=" ">
            <marc:subfield code="a">Kiepert, Heinrich,</marc:subfield>
            <marc:subfield code="d">1818-1899.</marc:subfield>
        </marc:datafield>
        <marc:datafield tag="700" ind1="1" ind2=" ">
            <marc:subfield code="a">Leroux, Ernest,</marc:subfield>
            <marc:subfield code="d">1845-1917.</marc:subfield>
        </marc:datafield>
        <marc:datafield tag="700" ind1="1" ind2=" ">
            <marc:subfield code="a">Morgan, J. de</marc:subfield>
            <marc:subfield code="q">(Jacques),</marc:subfield>
            <marc:subfield code="d">1857-1924.</marc:subfield>
            <marc:subfield code="t">Mission scientifique en Perse.</marc:subfield>
        </marc:datafield>
        <marc:datafield tag="710" ind1="2" ind2=" ">
            <marc:subfield code="a">Erhard (Firm),</marc:subfield>
            <marc:subfield code="e">engraver.</marc:subfield>
        </marc:datafield>
        <marc:datafield tag="856" ind1="4" ind2="1">
            <marc:subfield code="z">See the map</marc:subfield>
            <marc:subfield code="u">http://gisserver.princeton.edu/map/26716</marc:subfield>
        </marc:datafield>
        <marc:datafield tag="904" ind1=" " ind2=" ">
            <marc:subfield code="a">gls</marc:subfield>
            <marc:subfield code="b">g</marc:subfield>
            <marc:subfield code="h">n</marc:subfield>
            <marc:subfield code="c">p</marc:subfield>
            <marc:subfield code="e">20120320</marc:subfield>
        </marc:datafield>
        <marc:datafield tag="902" ind1=" " ind2=" ">
            <marc:subfield code="a">gls</marc:subfield>
            <marc:subfield code="b">o</marc:subfield>
            <marc:subfield code="6">e</marc:subfield>
            <marc:subfield code="7">m</marc:subfield>
            <marc:subfield code="d">v</marc:subfield>
            <marc:subfield code="f">1</marc:subfield>
            <marc:subfield code="e">20120320</marc:subfield>
        </marc:datafield>
    </marc:record>
    <marc:record type="Holdings">
        <marc:leader>00172nx  a22000851  4500</marc:leader>
        <marc:controlfield tag="001">6904111</marc:controlfield>
        <marc:controlfield tag="004">7017980</marc:controlfield>
        <marc:controlfield tag="005">20120320100625.0</marc:controlfield>
        <marc:controlfield tag="008">1203204u    8   1001uu   0901128</marc:controlfield>
        <marc:datafield tag="852" ind1="0" ind2=" ">
            <marc:subfield code="b">map</marc:subfield>
            <marc:subfield code="h">HMC01.2636</marc:subfield>
        </marc:datafield>
    </marc:record>
</marc:collection>
